<collection xmlns="http://www.loc.gov/MARC21/slim">
<record>
  <leader>00336na 0a22001091i 450 </leader>
  <controlfield tag="001">IT\ICCU\CNCE\073777</controlfield>
  <controlfield tag="005">20090305000000.0</controlfield>
  <datafield tag="100" ind1=" " ind2=" ">
    <subfield code="a">20090305             0itac0103    ba</subfield>
  </datafield>
  <datafield tag="101" ind1=" " ind2=" ">
    <subfield code="a">ITA</subfield>
  </datafield>
  <datafield tag="200" ind1="1" ind2=" ">
    <subfield code="a">Ragionamento del sig. Ascanio de&apos;Mori da Ceno. In lode delle donne</subfield>
  </datafield>
  <datafield tag="700" ind1=" " ind2="1">
    <subfield code="a">Mori,</subfield>
    <subfield code="b">Ascanio : de&apos;</subfield>
    <subfield code="3">IT\ICCU\CNCA\008411</subfield>
  </datafield>
  <datafield tag="801" ind1=" " ind2="3">
    <subfield code="a">IT</subfield>
    <subfield code="b">ICCU</subfield>
    <subfield code="c">20201115</subfield>
  </datafield>
</record>
</collection>
